@article{armbrust2010,
  title={A view of cloud computing},
  author={Armbrust, Michael and others},
  journal={Communications of the ACM},
  volume={53},
  number={4},
  pages={50--58},
  year={2010},
  publisher={ACM}
}

@book{gilchrist2016,
  title={Industry 4.0: The industrial internet of things},
  author={Gilchrist, Alasdair},
  year={2016},
  publisher={Apress}
}

@article{zhong2017,
  title={Intelligent manufacturing in the context of industry 4.0: A review},
  author={Zhong, Ray Y and Xu, Xun and Klotz, Eckart and Newman, Stephen T},
  journal={Engineering},
  volume={3},
  number={5},
  pages={616--630},
  year={2017},
  publisher={Elsevier}
}

@book{manyika2011,
  title={Big data: The next frontier for innovation, competition, and productivity},
  author={Manyika, James and others},
  year={2011},
  publisher={McKinsey Global Institute}
}
